<record><leader>00000cas a22000007a 4500</leader><controlfield tag="001">30963411</controlfield><controlfield tag="008">940818d19141918vauwr ne      0    0eng d</controlfield><datafield ind1=" " ind2=" " tag="010"><subfield code="a">sn 94060099 </subfield></datafield><datafield ind1=" " ind2=" " tag="040"><subfield code="a">NVK</subfield><subfield code="b">eng</subfield><subfield code="c">NVK</subfield><subfield code="d">OCLCQ</subfield><subfield code="d">NVK</subfield><subfield code="d">OCLCQ</subfield><subfield code="d">OCLCF</subfield><subfield code="d">OCLCO</subfield></datafield><datafield ind1="1" ind2=" " tag="029"><subfield code="a">AU@</subfield><subfield code="b">000011230411</subfield></datafield><datafield ind1=" " ind2=" " tag="042"><subfield code="a">msc</subfield></datafield><datafield ind1=" " ind2=" " tag="043"><subfield code="a">n-us-va</subfield></datafield><datafield ind1=" " ind2="4" tag="050"><subfield code="a">AN47.G46</subfield><subfield code="b">N47</subfield></datafield><datafield ind1="0" ind2=" " tag="130"><subfield code="a">News reporter (Gloucester, Va.)</subfield></datafield><datafield ind1="1" ind2="4" tag="245"><subfield code="a">The News reporter.</subfield></datafield><datafield ind1=" " ind2=" " tag="260"><subfield code="a">Gloucester, Va. :</subfield><subfield code="b">T.E. Johnson,</subfield><subfield code="c">-1918.</subfield></datafield><datafield ind1=" " ind2=" " tag="300"><subfield code="a">v. ;</subfield><subfield code="c">54 cm.</subfield></datafield><datafield ind1=" " ind2=" " tag="310"><subfield code="a">Weekly</subfield></datafield><datafield ind1="1" ind2=" " tag="362"><subfield code="a">Began in 1914.</subfield></datafield><datafield ind1="0" ind2=" " tag="362"><subfield code="a">-v. 6, no. 27 (June 6, 1918).</subfield></datafield><datafield ind1=" " ind2=" " tag="500"><subfield code="a">"Published in the interest of Gloucester and Mathews Counties."</subfield></datafield><datafield ind1=" " ind2=" " tag="530"><subfield code="a">Available on microfilm from the Library of Virginia.</subfield></datafield><datafield ind1=" " ind2=" " tag="588"><subfield code="a">Description based on: Vol. 2, no. 34 (July 2, 1914).</subfield></datafield><datafield ind1=" " ind2="0" tag="651"><subfield code="a">Gloucester (Va.)</subfield><subfield code="v">Newspapers.</subfield></datafield><datafield ind1=" " ind2="0" tag="651"><subfield code="a">Mathews County (Va.)</subfield><subfield code="v">Newspapers.</subfield></datafield><datafield ind1=" " ind2="7" tag="655"><subfield code="a">Newspapers.</subfield><subfield code="2">fast</subfield><subfield code="0">(OCoLC)fst01423814</subfield></datafield><datafield ind1=" " ind2="7" tag="651"><subfield code="a">Virginia</subfield><subfield code="z">Gloucester.</subfield><subfield code="2">fast</subfield><subfield code="0">(OCoLC)fst01228431</subfield></datafield><datafield ind1=" " ind2="7" tag="651"><subfield code="a">Virginia</subfield><subfield code="z">Mathews County.</subfield><subfield code="2">fast</subfield><subfield code="0">(OCoLC)fst01211610</subfield></datafield><datafield ind1=" " ind2=" " tag="752"><subfield code="a">United States</subfield><subfield code="b">Virginia</subfield><subfield code="c">Gloucester</subfield><subfield code="d">Gloucester.</subfield></datafield><datafield ind1="0" ind2="0" tag="780"><subfield code="t">Mathews news reporter</subfield><subfield code="w">(DLC)sn 95079243</subfield></datafield></record>